@article{wgan,
      title={Wasserstein GAN}, 
      author={Martin Arjovsky and Soumith Chintala and LÃ©on Bottou},
      year={2017},
      eprint={1701.07875},
      archivePrefix={arXiv},
      primaryClass={stat.ML},
      url={https://arxiv.org/abs/1701.07875}, 
}


@article{wgan4n,
  author       = {Markus Ring and
                  Daniel Schl{\"{o}}r and
                  Dieter Landes and
                  Andreas Hotho},
  title        = {Flow-based Network Traffic Generation using Generative Adversarial
                  Networks},
  journal      = {CoRR},
  volume       = {abs/1810.07795},
  year         = {2018},
  url          = {http://arxiv.org/abs/1810.07795},
  eprinttype    = {arXiv},
  eprint       = {1810.07795},
  timuestamp    = {Tue, 30 Oct 2018 20:39:56 +0100},
  biburl       = {https://dblp.org/rec/journals/corr/abs-1810-07795.bib},
  bibsource    = {dblp computer science bibliography, https://dblp.org}
}

@article{ip2vec,
  added-at = {2023-12-13T01:43:53.000+0100},
  author = {Ring, Markus and Landes, Dieter and Dallmann, Alexander and Hotho, Andreas},
  biburl = {https://www.bibsonomy.org/bibtex/2461b0a31f6321f63f142b2a17a4e5eaf/admin},
  doi = {10.1109/ICDMW.2017.93},
  interhash = {75a3a48952f20594dc13c34a9e574e1c},
  intrahash = {461b0a31f6321f63f142b2a17a4e5eaf},
  isbn = {978-1-5386-3800-2},
  issn = {2375-9259},
  journal = {2017 IEEE International Conference on Data Mining Workshops (ICDMW)},
  keywords = {},
  pages = {657-666},
  timestamp = {2023-12-13T01:43:53.000+0100},
  title = {IP2Vec: Learning Similarities Between IP Addresses},
  type = {Publication},
  year = 2017
}

@online{zeek,
    url = {https://zeek.org/},
    title = {ZEEK},
    author = { Vern Paxson },
    year = {1998},
}

@online{scapy,
    url = {https://scapy.net/},
    title = Scapy,
    author = {Philippe Biondi},
    year = {2008},
}
